@article{bert,
  title={BERT: Pre-training of Deep Bidirectional Transformers for Language Understanding},
  author={Jacob Devlin and Ming-Wei Chang and Kenton Lee and Kristina Toutanova},
  journal={ArXiv},
  year={2019},
  volume={abs/1810.04805}
}

@article{roberta,
  title={RoBERTa: A Robustly Optimized BERT Pretraining Approach},
  author={Yinhan Liu and Myle Ott and Naman Goyal and Jingfei Du and Mandar Joshi and Danqi Chen and Omer Levy and Mike Lewis and Luke Zettlemoyer and Veselin Stoyanov},
  journal={ArXiv},
  year={2019},
  volume={abs/1907.11692}
}

@article{distilbert,
  title={DistilBERT, a distilled version of BERT: smaller, faster, cheaper and lighter},
  author={Victor Sanh and Lysandre Debut and Julien Chaumond and Thomas Wolf},
  journal={ArXiv},
  year={2019},
  volume={abs/1910.01108}
}

@inproceedings{nakov-etal-2013-semeval,
	title = "{S}em{E}val-2013 Task 2: Sentiment Analysis in {T}witter",
	author = "Nakov, Preslav  and
	Rosenthal, Sara  and
	Kozareva, Zornitsa  and
	Stoyanov, Veselin  and
	Ritter, Alan  and
	Wilson, Theresa",
	booktitle = "Second Joint Conference on Lexical and Computational Semantics (*{SEM}), Volume 2: Proceedings of the Seventh International Workshop on Semantic Evaluation ({S}em{E}val 2013)",
	month = Jun,
	year = "2013",
	address = "Atlanta, Georgia, USA",
	publisher = "Association for Computational Linguistics",
	pages = "312--320",
}

@inproceedings{nakov-etal-2016-semeval,
	title = "{S}em{E}val-2016 Task 4: Sentiment Analysis in {T}witter",
	author = "Nakov, Preslav  and
	Ritter, Alan  and
	Rosenthal, Sara  and
	Sebastiani, Fabrizio  and
	Stoyanov, Veselin",
	booktitle = "Proceedings of the 10th International Workshop on Semantic Evaluation ({S}em{E}val-2016)",
	month = Jun,
	year = "2016",
	address = "San Diego, California",
	publisher = "Association for Computational Linguistics",
	pages = "1--18",
}

@inproceedings{rosenthal-etal-2017-semeval,
	title = "{S}em{E}val-2017 Task 4: Sentiment Analysis in {T}witter",
	author = "Rosenthal, Sara  and
	Farra, Noura  and
	Nakov, Preslav",
	booktitle = "Proceedings of the 11th International Workshop on Semantic Evaluation ({S}em{E}val-2017)",
	month = Aug,
	year = "2017",
	address = "Vancouver, Canada",
	publisher = "Association for Computational Linguistics",
	pages = "502--518",
}

@article{2014sa,
title = {Sentiment analysis algorithms and applications: A survey},
journal = {Ain Shams Engineering Journal},
volume = {5},
number = {4},
pages = {1093-1113},
year = {2014},
issn = {2090-4479},
author = {Walaa Medhat and Ahmed Hassan and Hoda Korashy},
}

@article{2019sa,
  author = {Yadav, Ashima and Vishwakarma, Dinesh Kumar},
  title = {Sentiment Analysis Using Deep Learning Architectures: A Review},
  year = {2020},
  issue_date = {Aug 2020},
  publisher = {Kluwer Academic Publishers},
  address = {USA},
  volume = {53},
  number = {6},
  journal = {Artif. Intell. Rev.},
  month = {Aug},
  pages = {4335â€“4385},
  numpages = {51},
  keywords = {Review analysis, Opinion mining, Deep learning, Sentiment analysis, Datasets}
}

@article{2018sa,
  author = {Zhang, Lei and Wang, Shuai and Liu, Bing},
  title = {Deep learning for sentiment analysis: A survey},
  journal = {WIREs Data Mining and Knowledge Discovery},
  volume = {8},
  number = {4},
  pages = {e1253},
  year = {2018}
}

@article{cnns,
  author = {Zhang, Ye and Wallace, Byron},
  title = {A Sensitivity Analysis of (and Practitioners' Guide to) Convolutional Neural Networks for Sentence Classification},
  publisher = {ArXiv},
  year = {2015},
}

@inproceedings{rnns,
  author="Nowak, Jakub
  and Taspinar, Ahmet
  and Scherer, Rafa{\l}",
  title="LSTM Recurrent Neural Networks for Short Text and Sentiment Classification",
  booktitle="Artificial Intelligence and Soft Computing",
  year="2017",
  publisher="Springer International Publishing",
  address="Cham",
  pages="553--562",
}

@article{com1,
  title={Deep Sentiment Representation Based on CNN and LSTM},
  author={Qiongxia Huang and Riqing Chen and Xianghan Zheng and Zhenxing Dong},
  journal={2017 International Conference on Green Informatics (ICGI)},
  year={2017},
  pages={30-33}
}

@article{com2,
  title={Deep Learning approach for sentiment analysis of short texts},
  author={Abdalraouf Hassan and Ausif Mahmood},
  journal={2017 3rd International Conference on Control, Automation and Robotics (ICCAR)},
  year={2017},
  pages={705-710}
}
